<?xml version="1.0" encoding="UTF-8"?><collection xmlns="http://www.loc.gov/MARC21/slim"><record><leader>00698nam--2200205-u-4500</leader><controlfield tag="001">000052781</controlfield><controlfield tag="002">20161230</controlfield><controlfield tag="005">20170204195024</controlfield><controlfield tag="008">101014s1000------------r-----000-0-rum-d</controlfield><datafield ind1=" " ind2=" " tag="040"><subfield code="a">IFIN-HH</subfield></datafield><datafield ind1=" " ind2=" " tag="041"><subfield code="a">rum</subfield></datafield><datafield ind1=" " ind2=" " tag="080"><subfield code="a">535(076):539(076)</subfield></datafield><datafield ind1="1" ind2=" " tag="100"><subfield code="a">Popescu, Ion M</subfield></datafield><datafield ind1="1" ind2="0" tag="245"><subfield code="a">Probleme de optica, fizica atomica si nucleara pentru examenele de bacalaureat si admitere in invatamantul superior</subfield><subfield code="c">Ion M. Popescu, George Ionescu, Dan Iordache, Vasile Fochianu, Mircea Stan</subfield></datafield><datafield ind1=" " ind2=" " tag="260"><subfield code="a">Bucuresti</subfield><subfield code="b">Editura Tehnica</subfield><subfield code="c">1974</subfield></datafield><datafield ind1=" " ind2=" " tag="300"><subfield code="a">399 p</subfield></datafield><datafield ind1=" " ind2=" " tag="490"><subfield code="a">Seria Culegeri de probleme de matematica si fizica</subfield></datafield><datafield ind1="1" ind2=" " tag="700"><subfield code="a">Stan, Mircea</subfield></datafield><datafield ind1=" " ind2=" " tag="852"><subfield code="a">42297</subfield><subfield code="c">535</subfield></datafield><datafield ind1=" " ind2=" " tag="CAT"><subfield code="a">SYS</subfield><subfield code="c">20170204</subfield><subfield code="h">195024</subfield></datafield></record></collection>